@article{RN13,
   author = {Andrades, Michael Éverton and Morina, Arian and Spasić, Snežana and Spasojević, Ivan},
   title = {Bench-to-bedside review: sepsis - from the redox point of view},
   journal = {Critical care (London, England)},
   volume = {15},
   number = {5},
   pages = {230-230},
   ISSN = {1466-609X
1364-8535},
   DOI = {10.1186/cc10334},
   url = {https://www.ncbi.nlm.nih.gov/pubmed/21996422
https://www.ncbi.nlm.nih.gov/pmc/articles/PMC3334726/},
   year = {2011},
   type = {Journal Article}
}

@article{RN17,
   author = {Armstead, William M.},
   title = {Cerebral Blood Flow Autoregulation and Dysautoregulation},
   journal = {Anesthesiology clinics},
   volume = {34},
   number = {3},
   pages = {465-477},
   ISSN = {1932-2275},
   DOI = {10.1016/j.anclin.2016.04.002},
   url = {https://www.ncbi.nlm.nih.gov/pubmed/27521192
https://www.ncbi.nlm.nih.gov/pmc/articles/PMC4988341/},
   year = {2016},
   type = {Journal Article}
}

@article{RN6,
   author = {Balk, Robert A.},
   title = {Systemic inflammatory response syndrome (SIRS): where did it come from and is it still relevant today?},
   journal = {Virulence},
   volume = {5},
   number = {1},
   pages = {20-26},
   ISSN = {2150-5608
2150-5594},
   DOI = {10.4161/viru.27135},
   url = {https://www.ncbi.nlm.nih.gov/pubmed/24280933
https://www.ncbi.nlm.nih.gov/pmc/articles/PMC3916374/},
   year = {2014},
   type = {Journal Article}
}

@article{RN10,
   author = {Chen, Kejing and Pittman, Roland N. and Popel, Aleksander S.},
   title = {Nitric oxide in the vasculature: where does it come from and where does it go? A quantitative perspective},
   journal = {Antioxidants & redox signaling},
   volume = {10},
   number = {7},
   pages = {1185-1198},
   ISSN = {1557-7716
1523-0864},
   DOI = {10.1089/ars.2007.1959},
   url = {https://www.ncbi.nlm.nih.gov/pubmed/18331202
https://www.ncbi.nlm.nih.gov/pmc/articles/PMC2932548/},
   year = {2008},
   type = {Journal Article}
}

@article{RN2,
   author = {Deutschman, Clifford S and Tracey, Kevin J},
   title = {Sepsis: Current Dogma and New Perspectives},
   journal = {Immunity},
   volume = {40},
   number = {4},
   pages = {463-475},
   ISSN = {1074-7613},
   DOI = {https://doi.org/10.1016/j.immuni.2014.04.001},
   url = {http://www.sciencedirect.com/science/article/pii/S1074761314001150},
   year = {2014},
   type = {Journal Article}
}

@article{RN15,
   author = {Eigler, Neal},
   title = {Hemodynamics, William R. Milnor, Williams & Wilkins, Baltimore (1989), 417 pages, illustrated, $74.95, ISBN: 0-683-06049-X},
   journal = {Clinical Cardiology},
   volume = {13},
   number = {11},
   pages = {821a-821a},
   ISSN = {0160-9289},
   DOI = {10.1002/clc.4960131118},
   url = {https://doi.org/10.1002/clc.4960131118},
   year = {1990},
   type = {Journal Article}
}

@article{RN3,
   author = {Funk, Duane J. and Parrillo, Joseph E. and Kumar, Anand},
   title = {Sepsis and Septic Shock: A History},
   journal = {Critical Care Clinics},
   volume = {25},
   number = {1},
   pages = {83-101},
   ISSN = {0749-0704},
   DOI = {https://doi.org/10.1016/j.ccc.2008.12.003},
   url = {http://www.sciencedirect.com/science/article/pii/S0749070408000808},
   year = {2009},
   type = {Journal Article}
}

@article{RN1,
   author = {Hajj, Jihane and Blaine, Natalie and Salavaci, Jola and Jacoby, Douglas},
   title = {The "Centrality of Sepsis": A Review on Incidence, Mortality, and Cost of Care},
   journal = {Healthcare (Basel, Switzerland)},
   volume = {6},
   number = {3},
   pages = {90},
   ISSN = {2227-9032},
   DOI = {10.3390/healthcare6030090},
   url = {https://www.ncbi.nlm.nih.gov/pubmed/30061497
https://www.ncbi.nlm.nih.gov/pmc/articles/PMC6164723/},
   year = {2018},
   type = {Journal Article}
}

@article{RN20,
   author = {Hernández, Glenn and Teboul, Jean-Louis and Bakker, Jan},
   title = {Norepinephrine in septic shock},
   journal = {Intensive Care Medicine},
   volume = {45},
   number = {5},
   pages = {687-689},
   ISSN = {1432-1238},
   DOI = {10.1007/s00134-018-5499-8},
   url = {https://doi.org/10.1007/s00134-018-5499-8},
   year = {2019},
   type = {Journal Article}
}

@inbook{RN9,
   author = {Hierholzer C, Billiar TR},
   title = {Nitric oxide in trauma and sepsis},
   booktitle = {Surgical Treatment: Evidence-Based and Problem-Oriented},
   address = {Munich: Zuckschwerdt},
   url = {https://www.ncbi.nlm.nih.gov/books/NBK6909/},
   year = {2001},
   type = {Book Section}
}

@article{RN19,
   author = {Highton, D. and Ghosh, A. and Tachtsidis, I. and Panovska-Griffiths, J. and Elwell, C. E. and Smith, M.},
   title = {Monitoring cerebral autoregulation after brain injury: multimodal assessment of cerebral slow-wave oscillations using near-infrared spectroscopy},
   journal = {Anesth Analg},
   volume = {121},
   number = {1},
   pages = {198-205},
   ISSN = {0003-2999},
   DOI = {10.1213/ane.0000000000000790},
   year = {2015},
   type = {Journal Article}
}

@article{RN8,
   author = {Hotchkiss, Richard S. and Moldawer, Lyle L. and Opal, Steven M. and Reinhart, Konrad and Turnbull, Isaiah R. and Vincent, Jean-Louis},
   title = {Sepsis and septic shock},
   journal = {Nature reviews. Disease primers},
   volume = {2},
   pages = {16045-16045},
   ISSN = {2056-676X},
   DOI = {10.1038/nrdp.2016.45},
   url = {https://www.ncbi.nlm.nih.gov/pubmed/28117397
https://www.ncbi.nlm.nih.gov/pmc/articles/PMC5538252/},
   year = {2016},
   type = {Journal Article}
}

@inbook{RN16,
   author = {PR, Kvietys},
   title = {Regulation of Vascular Tone and Oxygenation},
   booktitle = {The Gastrointestinal Circulation},
   publisher = {Morgan & Claypool Life Sciences},
   address = {San Rafael (CA)},
   chapter = {Chapter 3},
   year = {2010},
   type = {Book Section}
}

@inbook{RN12,
   author = {Saliba, Zakhia S. and Slaba, Sami G. and Sawan, Elie B.},
   title = {Hemostasis},
   booktitle = {Cardiac Catheterization for Congenital Heart Disease: From Fetal Life to Adulthood},
   editor = {Butera, Gianfranco and Chessa, Massimo and Eicken, Andreas and Thomson, John},
   publisher = {Springer Milan},
   address = {Milano},
   pages = {181-191},
   ISBN = {978-88-470-5681-7},
   DOI = {10.1007/978-88-470-5681-7_13},
   url = {https://doi.org/10.1007/978-88-470-5681-7_13},
   year = {2015},
   type = {Book Section}
}

@article{RN14,
   author = {Semeraro, Nicola and Ammollo, Concetta T. and Semeraro, Fabrizio and Colucci, Mario},
   title = {Sepsis-associated disseminated intravascular coagulation and thromboembolic disease},
   journal = {Mediterranean journal of hematology and infectious diseases},
   volume = {2},
   number = {3},
   pages = {e2010024-e2010024},
   ISSN = {2035-3006},
   DOI = {10.4084/MJHID.2010.024},
   url = {https://www.ncbi.nlm.nih.gov/pubmed/21415977
https://www.ncbi.nlm.nih.gov/pmc/articles/PMC3033145/},
   year = {2010},
   type = {Journal Article}
}

@article{RN4,
   author = {Stearns-Kurosawa, Deborah J. and Osuchowski, Marcin F. and Valentine, Catherine and Kurosawa, Shinichiro and Remick, Daniel G.},
   title = {The pathogenesis of sepsis},
   journal = {Annual review of pathology},
   volume = {6},
   pages = {19-48},
   ISSN = {1553-4014
1553-4006},
   DOI = {10.1146/annurev-pathol-011110-130327},
   url = {https://www.ncbi.nlm.nih.gov/pubmed/20887193
https://www.ncbi.nlm.nih.gov/pmc/articles/PMC3684427/},
   year = {2011},
   type = {Journal Article}
}

@article{RN18,
   author = {Stergiopulos, Nikolaos and Meister, Jean-Jacques and Westerhof, Nicolaas},
   title = {Evaluation of methods for estimation of total arterial compliance},
   journal = {The American journal of physiology},
   volume = {268},
   pages = {H1540-8},
   DOI = {10.1152/ajpheart.1995.268.4.H1540},
   year = {1995},
   type = {Journal Article}
}

@article{RN21,
   author = {Vincent, Jean-Louis},
   title = {The Clinical Challenge of Sepsis Identification and Monitoring},
   journal = {PLoS medicine},
   volume = {13},
   number = {5},
   pages = {e1002022-e1002022},
   ISSN = {1549-1676
1549-1277},
   DOI = {10.1371/journal.pmed.1002022},
   url = {https://www.ncbi.nlm.nih.gov/pubmed/27187803
https://www.ncbi.nlm.nih.gov/pmc/articles/PMC4871479/},
   year = {2016},
   type = {Journal Article}
}

@book{RN11,
   author = {Westerhof, Nico and Stergiopulos, Nikos and Noble, Mark},
   title = {Snapshots of Hemodynamics: An Aid for Clinical Research and Graduate Education},
   publisher = {Springer US, Boston, MA},
   address = {Boston, MA},
   volume = {18},
   series = {Basic Science for the Cardiologist},
   ISBN = {978-0-387-23345-1},
   DOI = {10.1007/b101305},
   year = {2005},
   type = {Book}
}

